@book{Zolzer:2011:DDA:2028616,
 author = {Zolzer, Udo},
 title = {DAFX: Digital Audio Effects},
 year = {2011},
 isbn = {0470665998, 9780470665992},
 edition = {2nd},
 publisher = {Wiley Publishing},
}

@ARTICLE{SDFT, 
author={E. Jacobsen and R. Lyons}, 
journal={IEEE Signal Processing Magazine}, 
title={The sliding DFT}, 
year={2003}, 
volume={20}, 
number={2}, 
pages={74-80}, 
keywords={convolution;discrete Fourier transforms;frequency-domain analysis;numerical stability;signal processing;spectral analysis;DFT bin computations;FFT;Goertzel algorithm;computational efficiency;frequency-domain convolution;modified sliding DFT algorithm;output stabilization;sliding DFT;sliding Goertzel DFT;spectrum analysis;stability issues;successive output calculations;time-domain data windowing;time-domain windowing;Algorithm design and analysis;Digital signal processing;Frequency;Poles and zeros;Resonator filters;Signal design;Signal processing algorithms;Time domain analysis;Tin;Transfer functions}, 
doi={10.1109/MSP.2003.1184347}, 
ISSN={1053-5888}, 
month={Mar},}


@article{DBLP:journals/corr/Jarne17,
  author    = {Cecilia Jarne},
  title     = {Simple empirical algorithm to obtain signal envelope in three steps},
  journal   = {CoRR},
  volume    = {abs/1703.06812},
  year      = {2017},
  url       = {http://arxiv.org/abs/1703.06812},
  archivePrefix = {arXiv},
  eprint    = {1703.06812},
  timestamp = {Wed, 07 Jun 2017 14:40:44 +0200},
  biburl    = {https://dblp.org/rec/bib/journals/corr/Jarne17},
  bibsource = {dblp computer science bibliography, https://dblp.org}
}


@ARTICLE{NoteOnset, 
author={J. P. Bello and L. Daudet and S. Abdallah and C. Duxbury and M. Davies and M. B. Sandler}, 
journal={IEEE Transactions on Speech and Audio Processing}, 
title={A Tutorial on Onset Detection in Music Signals}, 
year={2005}, 
volume={13}, 
number={5}, 
pages={1035-1047}, 
keywords={acoustic signal processing;signal detection;time-frequency analysis;indexing techniques;model-based change point detection;music signals;onset detection;probabilistic signal models;signal amplitude envelope;signal short-time spectrum;spectral magnitudes;time-frequency representations;Envelope detectors;Guidelines;Indexing;Multiple signal classification;Phase detection;Signal analysis;Signal detection;Testing;Time frequency analysis;Tutorial;Attack transcients;audio;note segmentation;novelty detection}, 
doi={10.1109/TSA.2005.851998}, 
ISSN={1063-6676}, 
month={Sept},}